<?xml version="1.0" encoding="UTF-8"?><collection xmlns="http://www.loc.gov/MARC21/slim"><record><leader>00329nam--2200133-i-4500</leader><controlfield tag="001">000026160</controlfield><controlfield tag="002">20161230</controlfield><controlfield tag="005">20161230201036</controlfield><controlfield tag="008">060222s1000------------r-----000-0-eng-d</controlfield><datafield ind1=" " ind2=" " tag="080"><subfield code="a">541.515</subfield></datafield><datafield ind1=" " ind2=" " tag="100"><subfield code="a">Kaplan, Leonard</subfield></datafield><datafield ind1=" " ind2=" " tag="245"><subfield code="a">Bridged free radicals</subfield></datafield><datafield ind1=" " ind2=" " tag="260"><subfield code="a">New York, Marcel Deffer, Inc., 1972, Xvi + 481p</subfield></datafield><datafield ind1=" " ind2=" " tag="852"><subfield code="a">42564</subfield></datafield></record></collection>